@book{paral_alg,
author = {Akl, Selim G.},
title = {The Design and Analysis of Parallel Algorithms},
year = {1989},
isbn = {0132000563},
publisher = {Prentice-Hall, Inc.},
address = {USA}
}

@misc{mpi_man,
title = {MPI: A Message-Passing Interface Standard Version 4.0 (Draft)},
date = "15. listopadu 2020",
urldate = {2021-04-21},
url = {https://www.mpi-forum.org/docs/drafts/mpi-2020-draft-report.pdf}
}